@article{Vanderbauwhede:2018,
  title={Domain-specific acceleration and auto-parallelization of legacy scientific code in FORTRAN 77 using source-to-source compilation},
  author={Vanderbauwhede, Wim and Davidson, Gavin},
  journal={Computers \& Fluids},
  year={2018},
  publisher={Elsevier}
}

