%% example.bib
%% Jeremy Singer
%% 16 Oct 2012

@article{turing37computable,
 author = "Alan M. Turing",
 title = "On computable numbers, with an application to the Entscheidungsproblem",
 journal = "Proceedings of the London Mathematical Society Series 2",
 volume = "42",
 year = "1937",
 pages = "230--265",
}

@book{knuth68art,
 title = "The Art of Computer Programming, Volume 1: Fundamental Algorithms",
 author = "Donald E. Knuth",
 year = "1968",
 publisher = "Addison Wesley",
 edition = "1st",
}